@Article{citation1,
  author    = {A, another and B, someone and C, Bob},
  journal   = {J. Lit Stuff},
  title     = {Probably obscure title},
  year      = {1864},
  issn      = {0021-9606},
  month     = {03},
  number    = {24},
  pages     = {241-717},
  volume    = {345},
  doi       = {11.1983/1.502gfdx},
  publisher = {The Pope}
}

